
@Inbook{editor01,
  author = 	 "",
  editor =       "Whitehouse",
  title =        "Precision medicine Initiatives",
  subtitle =     "NA",
  series =       "1st",
  address =      "Purdue University, Indiana",
  publisher =    "Purdue University Press",
  year =         "2012",
  volume = 	 "1",
  chapter = 	 "1",
  page = 	 "1",
  doi = 	 "NA",
  url = 	 "https://www.whitehouse.gov/blog/2015/01/21/precision-medicine-improvinghealth-and-treating-disease",

}

@Inbook{editor02,
  author = 	 "Andy Futrel",
  editor =       "",
  title =        "Building Genomic medicine capability",
  subtitle =     "NA",
  series =       "4th",
  year =         "2012",
  volume = 	 "2",
  address =      "Boston, MA",
  edition =      "1st.",
  publisher =    "MD Anderson Cancer Research center",
  chapter =        "1",
  pages =        "1",
  doi = 	 "10.1007/3-540-09237-4",
  url = 	 "https://www.ijircce.com/upload/2016/april/194_39_A%20survey.pdf",

}

@Inbook{editor03,
  author = 	 "Daniel Richard Leff and Guang-Zhong Yang*",
  editor =       "",
  subtitle =     "Big Data for Precision Medicine ",
  series =       "1",
  year =         "2015",
  volume = 	 "1",
  address =      "NA",
  url = 	 "https://engineering.org",
  chapter = 	 "1",
  pages =        "2",
  publisher =    "Engineering.org",
}


@Inbook{editor04,
  author = 	 "Xiaohua Douglas Zhang",
  editor =       "",
  title =        "Pharmacogenomics \& Pharmacoproteomics",
  subtitle =     "NA",
  series =       "1",
  year =         "2015",
  volume = 	 "1",
  address = "Web",
  publisher =    "Merck Research Laboratories"
  chapter = 	 "1",
  pages =        "1",
  address =      "",
  url = 	 "NA",
}

@Inbook{editor05,
  author = 	 "Mohit Dayal∗ and Nanhay Singh",
  editor =       "",
  title =        "Indian Health Care Analysis using Big Data Programming Tool",
  subtitle =     "NA",
  series =       "1st",
  year =         "2012",
  address =      "Web",
  publisher =    "NA",
  chapter =        "1",
  pages =        "2",
  url = 	 "NA ",
}

@Inbook{editor06,
  author = 	 "White House Press Release",
  editor =       "",
  title =        "Precision Medicine Initiatives",
  subtitle =     "NA",
  series =       "1st",
  year =         "2015",
  address =      "NY",
  publisher =    "White House Press Conferences",
  chapter =        "1",
  pages =        "1",
  doi = 	 "10.1007/3-110-0825-3",
  url = 	 "https://www.whitehouse.gov/the-press-office/2015/01/30/fact-sheet-presidentobama-s-precision-medicine-initiative",
}


@Inbook{editor07,
  author = 	 "Po-Yen Wu, Member, IEEE, Chih-Wen Cheng, Member, IEEE, Chanchala D. Kaddi, Member, IEEE,
Janani Venugopalan, Member, IEEE, Ryan Hoffman, Member, IEEE,
and May D. Wang∗, Senior Member, IEEE",
  title =        "Omic and Electronic Health Record Big Data
Analytics for Precision Medicine",
  subtitle =     "NA",
  series =       "1st",
  year =         "2016",
  chapter =        "1",
  pages =        "1",
  address =      "Web",
  publisher=    "NA",
  doi = 	 "10.7/3-105.876",
  url = 	 "NA",
}

@Inbook{editor08,
  author = 	 "Shein-Chung Chow1 and Fuyu Song2",
  title =        "Some Thoughts on Precision Medicine",
  subtitle =     "NA",
  series =       "1st",
  year =         "2016",
  chapter =        "1",
  pages =        "1",
  address =      "NA",
  publisher = "Journal of Biometrics and Biostatistics"
  doi = 	 "10.7/3-105.876",
  url = 	 "https://www.omicsonline.org/open-access/some-thoughts-on-precision-medicine-2155-6180-1000269.pdf",
}


@Inbook{editor09,
  author = 	 "Omics Online",
  title =        "Omics technologies and Precision medicine",
  subtitle =     "NA",
  series =       "1st",
  year =         "2013",
  chapter =        "1",
  pages =        "1",
  address =      "NA",
  publisher = "NA",
  doi = 	 "10.7/3-105.876",
  url = 	 "https://www.omicsonline.org/conference-proceedings/2157-7552.C1.031_005.pdf%E2%80%99,
}

@Inbook{editor10,
  author = 	 "Marx V",
  title =        "The big challenges of big data. Nature",
  subtitle =     "NA",
  series =       "1st",
  year =         "2013",
  chapter =        "1",
  pages =        "1",
  address =      "Web",
  publisher = "BMC Medical Genomics",
  doi = 	 "498(7453):255–60",
  url = 	 "",
}

@Inbook{editor11,
  author = 	 "Ivan Merelli, Horacio Pérez-Sánchez,Sandra Gesing,and Daniele D’Agostino",
  editor =       "",
  title =        "Managing, Analysing, and Integrating Big Data in Medical Bioinformatics: Open Problems and Future Perspectives",
  subtitle =     "NA",
  series =       "1st",
  address =      "",
  publisher =    "BioMed Research International",
  year =         "2014",
  volume = 	 "1",
  Address = "NA",
  chapter = 	 "1",
  page = 	 "3",
  doi = 	 "NA",
  url = 	 "https://www.hindawi.com/journals/bmri/2014/134023/",

}
