
@Inbook{editor01,
  author = 	 "",
  editor =       "Purdue University Researchers",
  title =        "Challengee and Opportunities with Big Data",
  subtitle =     "NA",
  series =       "1st",
  address =      "Purdue University, Indiana",
  publisher =    "Purdue University Press",
  year =         "2015",
  volume = 	 "1",
  chapter = 	 "",
  page = 	 "",
  doi = 	 "NA",
  url = 	 "https://www.purdue.edu/discoverypark/cyber/assets/pdfs/BigDataWhitePaper.pdf",

}

@Inbook{editor02,
  author = 	 "Dadapeer, N.M.Indravasan, Adarsh.G",
  editor =       "",
  title =        "A Survey onSecurity of NoSQL Databases",
  subtitle =     "NA",
  series =       "4th",
  year =         "2016",
  volume = 	 "4",
  address =      "Ballari, Karnataka, India",
  edition =      "1st.",
  publisher =    "International Journal of Innovative Research in Computerand Communication Engineering",
  chapter =        "2",
  pages =        "",
  doi = 	 "10.1007/3-540-09237-4",
  url = 	 "https://www.ijircce.com/upload/2016/april/194_39_A%20survey.pdf",

}

@Inbook{editor03,
  author = 	 "Ebrahim Sahafizadeh1, Mohammad Ali Nematbakhsh",
  editor =       "",
  subtitle =     "A Survey on Security Issues in Big Data and NoSQL ",
  series =       "4",
  year =         "2015",
  volume = 	 "4",
  address =      "",
  url = 	 "https://pdfs.semanticscholar.org/e860/c0b19aa029008a6793acc8c293b68942234b.pdf",
  chapter = 	 "1",
  pages =        "5",
  publisher =    "Advances in Computer Science: an International Journal",
}


@Inbook{editor04,
  author = 	 "M.W. Grim,, Abe Wiersma",
  editor =       "",
  title =        "Security and Performance Analysis of
Encrypted NoSQL Databases",
  subtitle =     "NA",
  series =       "1",
  year =         "2017",
  volume = 	 "1",
  publisher =    "University of Amsterdam"
  chapter = 	 "1",
  pages =        "1",
  address =      "",
  url = 	 "http://www.delaat.net/rp/2016-2017/p37/presentation.pdf",
}

@Inbook{editor05,
  author = 	 "ALEX POPESCU,ANA-MARIA BACALU",
  editor =       "",
  title =        "NoSQL Databases and Security: Cassandra and MongoDB Security Reviewed",
  subtitle =     "NA",
  series =       "1st",
  year =         "2012",
  address =      "Web",
  publisher =    "",
  chapter =        "1",
  pages =        "2",
  url = 	 "http://nosql.mypopescu.com/post/15308448223/nosql-databases-and-security-cassandra-and ",
}

@Inbook{editor06,
  author = 	 "Min Chen, Shiwen Mao, Yunhao Liu",
  editor =       "",
  title =        "Big Data: A Survey",
  subtitle =     "NA",
  series =       "1st",
  year =         "2014",
  address =      "NY",
  publisher =    "Springer Science+Business Media",
  chapter =        "1",
  pages =        "1",
  doi = 	 "10.1007/3-110-0825-3",
  url = 	 "http://www2.egr.uh.edu/~zhan2/ECE6111/class/BigDataSurvey2014.pdf",
}


@Inbook{editor07,
  author = 	 "Web",
  title =        "Apache HBase",
  subtitle =     "NA",
  series =       "1st",
  year =         "2016",
  chapter =        "1",
  pages =        "1",
  address =      "",
  doi = 	 "10.7/3-105.876",
  url = 	 "https://hortonworks.com/apache/hbase/",
}
