@Inbook{editor05,
  author = 	 "",
  editor =       "Forbes",
  title =        "How Walmart Is Using Machine Learning AI, IoT And Big Data To Boost Retail Performance",
  subtitle =     "NA",
  series =       "2nd",
  address =      "Phenix,AZ",
  publisher =    "Armond Publishers",
  year =         "2016",
  volume = 	 "2",
  chapter = 	 "",
  page = 	 "",
  doi = 	 "10.1007/3-540-09237-4",
  url = 	 "https://www.forbes.com/sites/bernardmarr/2017/08/29/how-walmart-is-using-machine-learning-ai-iot-and-big-data-to-boost-retail-performance/#111c6e976cb1",

}

@Inbook{editor01,
  author = 	 "SAS Institute",
  editor =       "",
  title =        "Artificial intelligence, machine learning, deep learning and beyond",
  subtitle =     "NA",
  series =       "2nd",
  year =         "2016",
  volume = 	 "1",
  address =      "ChapleHill",
  edition =      "1st.",
  publisher =    "USAS Press",
  chapter =        "2",
  pages =        "",
  doi = 	 "10.1007/3-540-09237-4",
  url = 	 "https://www.sas.com/en_us/insights/articles/big-data/artificial-intelligence-machine-learning-deep-learning-and-beyond.html",

}

@Inbook{editor07,
  author = 	 "Information Commision's Office",
  editor =       "",
  subtitle =     "Big data, artificial
intelligence, machine learning and data  protection",
  series =       "1st",
  year =         "2017",
  volume = 	 "1",
  address =      "",
  url = 	 "https://ico.org.uk/media/for-organisations/documents/2013559/big-data-ai-ml-and-data-protection.pdf",
  chapter = 	 "1",
  pages =        "5",
  publisher =    "Web Release",
}


@Inbook{editor04,
  author = 	 "MIT Sloan",
  editor =       "",
  title =        "How Big Data Is Empowering AI and Machine Learning at Scale",
  subtitle =     "NA",
  series =       "1",
  year =         "2017",
  volume = 	 "5",
  publisher =    "MIT Press"
  chapter = 	 "2",
  pages =        "6",
  address =      "MA",
  url = 	 "http://sloanreview.mit.edu/article/how-big-data-is-empowering-ai-and-machine-learning-at-scale/",
}

@Inbook{editor03,
  author = 	 "IBM",
  editor =       "",
  title =        "Artificial intelligence, machine learning, deep learning and beyond",
  subtitle =     "NA",
  series =       "1st",
  year =         "2016",
  address =      "NY",
  publisher =    "IBM",
  chapter =        "1",
  pages =        "3",
  url = 	 "https://www.ibm.com/watson/health/",
}

@Inbook{editor02,
  author = 	 "GE Institute",
  editor =       "",
  title =        "Big Data Analytics and Artificial Intelligence",
  subtitle =     "NA",
  series =       "2nd",
  year =         "2016",
  address =      "CA",
  publisher =    "GES",
  chapter =        "3",
  pages =        "4",
  doi = 	 "10.1007/3-110-0825-3",
  url = 	 "http://newsroom.gehealthcare.com/wp-content/uploads/2016/12/GE-Healthcare-White-Paper_FINAL.pdf",
}


@Inbook{editor08,
  author = 	 "David J. Chalmers",
  title =        "The Singularity: A Philosophical Analysis",
  subtitle =     "NA",
  series =       "1st",
  year =         "2016",
  chapter =        "1",
  pages =        "3",
  address =      "",
  doi = 	 "10.1007/3-110-0825-3",
  url = 	 "http://consc.net/papers/singularity.pdff",
}
